@inbook{MusTab,
  author    = {Max Mustermann},
  title     = {Tabulator 2: I'll be back},
  year      = {2009},
  booktitle = {Neue Texte zum Tabulator},
  pages     = {274-282},
  editor    = {Erika Musterman},
  address   = {Stadt},
  publisher = {Verlag},
}

@book{MusBlock,
  author    = {Max Mustermann},
  title     = {Blockzitate - Was sind sie und wenn ja, wie viele?},
  year      = {2017},
  publisher = {Verlag},
  address   = {Stadt},
}

@article{MusZit,
  author  = {Max Mustermann},
  title   = {Ich zitiere, also bin ich},
  year    = {2021},
  pages   = {12-23},
  journal = {Musterjournal},
  number  = {7},
}

@inbook{GMS,
  author    = {Immanuel Kant},
  title     = {Grundlegung zur Metaphysik der Sitten},
  year      = {GMS},
  booktitle = {Gesammelte Schriften},
  pages     = {387-463},
  publisher  = {Preussische Akademie der Wissenschaften, 1911, Bd. 4},
  address   = {Berlin},
  series    = {Akademie Ausgabe},
  shorthand = {Kant, GMS, AA 4},
  addendum  = {Zitiert nach dem Bonner Kant-Korpus unter \url{http://kant.korpora.org/}, Zugriff am 31.07.2023}
}
